@book{stroustrup1994design,
  title={The Design and Evolution of C++},
  author={Stroustrup, B.},
  isbn={9788131716083},
  url={http://books.google.de/books?id=gsh3CkM3UBoC},
  year={1994},
  publisher={Pearson Education}
}
@TechReport{veldhuizen2000,
author = {Veldhuizen, Todd L. and Jernigan, M. Ed},
title = {Will C++ be faster than Fortran?},
institution = {Department of System Design Engineering, University of Waterloo},
year = {2000}
}
@book{stroustrup2000,
  title={Die C++-Programmiersprache},
  author={Stroustrup, B.},
  isbn={9783827316608},
  series={Professionelle Programmierung},
  url={http://books.google.de/books?id=YR5CqZcFJU8C},
  year={2000},
  publisher={Addison-Wesley}
}
@book{vandevoorde2002,
  title={C++ Templates: The Complete Guide},
  author={Vandevoorde, D. and Josuttis, N.M.},
  isbn={9780672334054},
  url={http://books.google.de/books?id=yQU-NlmQb\_UC},
  year={2002},
  publisher={Pearson Education}
}
@book{loudon2013,
  title={C++ kurz \& gut},
  author={Loudon, K. and Grimm, R.},
  isbn={9783955614522},
  url={http://books.google.de/books?id=rhOuAgAAQBAJ},
  year={2013},
  publisher={O'Reilly Verlag}
}
@book{andrei2001,
  title={Modern C++ Design: Generic Programming and Design Patterns Applied},
  author={Andrei Alexandrescu},
  isbn={9780201704310},
  lccn={00049596},
  series={C++ in-depth series},
  url={http://books.google.de/books?id=aJ1av7UFBPwC},
  year={2001},
  publisher={Addison-Wesley}
}
@book{hunt1999,
  title={The Pragmatic Programmer: From Journeyman to Master},
  author={Hunt, A. and Thomas, D.},
  isbn={9780132119177},
  url={http://books.google.de/books?id=5wBQEp6ruIAC},
  year={1999},
  publisher={Pearson Education}
}
@TechReport{veldhuizen2000b,
  author = {Veldhuizen, T.},
  title = {Techniques for Scientific C++},
  institution = {Indiana University Computer Science},
  year = {2000},
  number = {542}
}
@article{furnish1997,
  author = {Furnish, G.},
  title = {Disambiguated Glommable Expression Templates},
  journal = {Comput. Phys.},
  issue_date = {May/June 1997},
  volume = {11},
  number = {3},
  month = may,
  year = {1997},
  issn = {0894-1866},
  pages = {263--269},
  numpages = {7},
  url = {http://dx.doi.org/10.1063/1.4822555},
  doi = {10.1063/1.4822555},
  acmid = {258127},
  publisher = {American Institute of Physics Inc.},
  address = {Woodbury, NY, USA},
}
@misc{furnish2000,
  author = {Furnish, G.},
  title = {Disambiguated Glommable Expression Templates Reintroduced},
  url = {http://adtmag.com/articles/2000/04/25/disambiguated-glommable-expression-templates-reintroduced.aspx}
}


@article{Kourounis2009,
  author = {Kourounis D. and Gergidis L.N. and Saunders M.},
  title = {Compile-Time Symbolic Differentiation Using C++ Expression Templates},
  journal = {ACM Transactions on Mathematical Software},
  volume = {V},
  year = {2009},
  pages = {submitted}
}

@TechReport{Fog2014,
  author = {Fog, Agner},
  title = {Optimizing Software in C++},
  institution = {Technical University of Denmark},
  year = {2014}
}

@misc{becker2013,
  author = {Becker, T.},
  title = {C++ Rvalue References Explained},
  url = {http://thbecker.net/articles/rvalue_references/section_01.html}
}
@book{gottschling2016,
  title={Discovering Modern C++ - An Intensive Course forScientists, Engineers, and Programmers},
  author={Gottschling, P.},
  isbn={9780134383583},
  year={2016},
  publisher={Pearson Education}
}
